
@book{greiner_quantum_introducton_2011,
	title = {Quantum {Mechanics}: {An} {Introduction}},
	isbn = {978-3-642-56826-8},
	url = {https://books.google.com.mx/books?id=lJfzCAAAQBAJ},
	publisher = {Springer Berlin Heidelberg},
	author = {Greiner, W. and Bromley, D.A.},
	year = {2011},
	file = {Quantum Mechanics, An Introduction - Walter Greiner.pdf:/home/medicendav/Documentos/Biblioteca/Física/Cuantica/Cuantica de Campos/Books - Walter Greiner/Quantum Mechanics, An Introduction - Walter Greiner.pdf:application/pdf}
}

@book{greiner_thermodynamics_2012,
	title = {Thermodynamics and {Statistical} {Mechanics}},
	isbn = {978-1-4612-0827-3},
	abstract = {More than a generation of German-speaking students around the world have worked their way to an understanding and appreciation of the power and beauty of modem theoretical physics-with mathematics, the most fundamental of sciences-using WaIter Greiner's textbooks as their guide. The idea of developing a coherent, complete presentation of an entire field of science in a series of closely related textbooks is not a new one. Many older physicians remember with real pleasure their sense of adventure and discovery as they worked their ways through the classic series by Sommerfeld, by Planck and by Landau and Lifshitz. From the students' viewpoint, there are a great many obvious advantages to be gained through use of consistent notation, logical ordering of topics and coherence of presentation; beyond this, the complete coverage of the science provides a unique opportunity for the author to convey his personal enthusiasm and love for his subject. These volumes on classical physics, finally available in English, complement Greiner's texts on quantum physics, most of which have been available to English-speaking audiences for some time. The complete set of books will thus provide a coherent view of physics that includes, in classical physics, thermodynamics and statistical mechanics, classical dynam ics, electromagnetism, and general relativity; and in quantum physics, quantum mechanics, symmetries, relativistic quantum mechanics, quantum electro- and chromodynamics, and the gauge theory of weak interactions.},
	language = {en},
	publisher = {Springer Science \& Business Media},
	author = {Greiner, Walter and Neise, Ludwig and Stöcker, Horst},
	month = dec,
	year = {2012},
	note = {Google-Books-ID: 8jrTBwAAQBAJ},
	keywords = {Science / Mechanics / Thermodynamics, Science / Physics / General, Science / Physics / Mathematical \& Computational},
	file = {Thermodynamics and Statistical Mechanics - Walter Greiner.pdf:/home/medicendav/Documentos/Biblioteca/Física/Cuantica/Cuantica de Campos/Books - Walter Greiner/Thermodynamics and Statistical Mechanics - Walter Greiner.pdf:application/pdf}
}

@book{greiner_quantum_relativistic_1995,
	address = {Berlin, Heidelberg},
	title = {Relativistic {Quantum} {Mechanics}},
	isbn = {978-3-540-99535-7 978-3-642-88082-7},
	url = {http://link.springer.com/10.1007/978-3-642-88082-7},
	language = {en},
	urldate = {2020-06-14},
	publisher = {Springer Berlin Heidelberg},
	author = {Greiner, Walter},
	year = {1995},
	doi = {10.1007/978-3-642-88082-7},
	file = {Relativistic Quantum Mechanics, Wave Equations - Walter Greiner (1).pdf:/home/medicendav/Documentos/Biblioteca/Física/Cuantica/Cuantica de Campos/Books - Walter Greiner/Relativistic Quantum Mechanics, Wave Equations - Walter Greiner (1).pdf:application/pdf}
}

@book{greiner_quantum_symmetries_2012,
	title = {Quantum {Mechanics}: {Symmetries}},
	isbn = {978-3-642-57976-9},
	url = {https://books.google.com.mx/books?id=bVnrCAAAQBAJ},
	publisher = {Springer Berlin Heidelberg},
	author = {Greiner, W. and Bromley, D.A. and Müller, B.},
	year = {2012},
	file = {Quantum Mechanics, Symmetries - Walter Greiner.pdf:/home/medicendav/Documentos/Biblioteca/Física/Cuantica/Cuantica de Campos/Books - Walter Greiner/Quantum Mechanics, Symmetries - Walter Greiner.pdf:application/pdf}
}

@book{greiner_quantum_1998,
	address = {Berlin, Heidelberg},
	title = {Quantum {Mechanics}},
	isbn = {978-3-540-60073-2 978-3-642-58847-1},
	url = {http://link.springer.com/10.1007/978-3-642-58847-1},
	language = {en},
	urldate = {2020-06-14},
	publisher = {Springer Berlin Heidelberg},
	author = {Greiner, Walter},
	year = {1998},
	doi = {10.1007/978-3-642-58847-1},
	file = {Quantum Mechanics, Special Chapters - Walter Greiner.pdf:/home/medicendav/Documentos/Biblioteca/Física/Cuantica/Cuantica de Campos/Books - Walter Greiner/Quantum Mechanics, Special Chapters - Walter Greiner.pdf:application/pdf}
}

@inproceedings{greiner_quantum_electrodynamics_strong_fields_1985,
	address = {Berlin, Heidelberg},
	title = {Quantum electrodynamics of strong fields},
	isbn = {978-3-540-39563-8},
	booktitle = {Hadrons and {Heavy} {Ions}},
	publisher = {Springer Berlin Heidelberg},
	author = {Greiner, W.},
	editor = {Heiss, W. D.},
	year = {1985},
	pages = {95--226},
	file = {Quantum Electrodynamics of Strong Fields - Walter Greiner.pdf:/home/medicendav/Documentos/Biblioteca/Física/Cuantica/Cuantica de Campos/Books - Walter Greiner/Quantum Electrodynamics of Strong Fields - Walter Greiner.pdf:application/pdf}
}

@book{greiner_quantum_electrodynamics_2008,
	series = {Physics and {Astronomy}},
	title = {Quantum {Electrodynamics}},
	isbn = {978-3-540-87561-1},
	url = {https://books.google.com.mx/books?id=5Kd3dBL8a64C},
	publisher = {Springer Berlin Heidelberg},
	author = {Greiner, W. and Reinhardt, J.},
	year = {2008},
	lccn = {2008937903},
	file = {Quantum Electrodynamics - Walter Greiner.pdf:/home/medicendav/Documentos/Biblioteca/Física/Cuantica/Cuantica de Campos/Books - Walter Greiner/Quantum Electrodynamics - Walter Greiner.pdf:application/pdf}
}

@book{greiner_quantum_chromodynmics_2007,
	title = {Quantum {Chromodynamics}},
	isbn = {978-3-540-48535-3},
	url = {https://books.google.com.mx/books?id=iNev7iHHG_MC},
	publisher = {Springer Berlin Heidelberg},
	author = {Greiner, W. and Bromley, D.A. and Schramm, S. and Stein, E.},
	year = {2007},
	file = {Quantum Chromodynamics - Walter Greiner.pdf:/home/medicendav/Documentos/Biblioteca/Física/Cuantica/Cuantica de Campos/Books - Walter Greiner/Quantum Chromodynamics - Walter Greiner.pdf:application/pdf}
}

@book{greiner_nuclear_2012,
	title = {Nuclear {Models}},
	isbn = {978-3-642-60970-1},
	url = {https://books.google.com.mx/books?id=UcLsCAAAQBAJ},
	publisher = {Springer Berlin Heidelberg},
	author = {Greiner, W. and Bromley, D.A. and Maruhn, J.A.},
	year = {2012},
	file = {Nuclear Models - Walter Greiner.pdf:/home/medicendav/Documentos/Biblioteca/Física/Cuantica/Cuantica de Campos/Books - Walter Greiner/Nuclear Models - Walter Greiner.pdf:application/pdf}
}

@book{greiner_gauge_1996,
	address = {Berlin, Heidelberg},
	title = {Gauge {Theory} of {Weak} {Interactions}},
	isbn = {978-3-540-60227-9 978-3-662-03323-4},
	url = {http://link.springer.com/10.1007/978-3-662-03323-4},
	language = {en},
	urldate = {2020-06-14},
	publisher = {Springer Berlin Heidelberg},
	author = {Greiner, Walter and Müller, Berndt},
	year = {1996},
	doi = {10.1007/978-3-662-03323-4},
	file = {Gauge Theory of Weak Interactions - Walter Greiner.pdf:/home/medicendav/Documentos/Biblioteca/Física/Cuantica/Cuantica de Campos/Books - Walter Greiner/Gauge Theory of Weak Interactions - Walter Greiner.pdf:application/pdf;Versión enviada:/home/medicendav/Zotero/storage/YE4ML23R/Greiner y Müller - 1996 - Gauge Theory of Weak Interactions.pdf:application/pdf}
}

@book{greiner_field_quantization_2013,
	title = {Field {Quantization}},
	isbn = {978-3-642-61485-9},
	url = {https://books.google.com.mx/books?id=C-DVBAAAQBAJ},
	publisher = {Springer Berlin Heidelberg},
	author = {Greiner, W. and Bromley, D.A. and Reinhardt, J.},
	year = {2013},
	lccn = {95045449},
	file = {Field Quantization - Walter Greiner.pdf:/home/medicendav/Documentos/Biblioteca/Física/Cuantica/Cuantica de Campos/Books - Walter Greiner/Field Quantization - Walter Greiner.pdf:application/pdf}
}

@book{greiner_classical_mechanics_2009,
	series = {Classical theoretical physics},
	title = {Classical {Mechanics}: {Systems} of {Particles} and {Hamiltonian} {Dynamics}},
	isbn = {978-3-642-03434-3},
	url = {https://books.google.com.mx/books?id=NAo7yv7Jmq0C},
	publisher = {Springer Berlin Heidelberg},
	author = {Greiner, W.},
	year = {2009},
	lccn = {2009940125},
	file = {Classical Mechanics, Systems of Particles and Hamiltonian Dynamics - Walter Greiner.pdf:/home/medicendav/Documentos/Biblioteca/Física/Cuantica/Cuantica de Campos/Books - Walter Greiner/Classical Mechanics, Systems of Particles and Hamiltonian Dynamics - Walter Greiner.pdf:application/pdf}
}

@book{greiner_classical_relativity_2006,
	series = {Classical {Theoretical} {Physics}},
	title = {Classical {Mechanics}: {Point} {Particles} and {Relativity}},
	isbn = {978-0-387-21851-9},
	url = {https://books.google.com.mx/books?id=CynrBwAAQBAJ},
	publisher = {Springer New York},
	author = {Greiner, W.},
	year = {2006},
	lccn = {2002030570},
	file = {Classical Mechanics, Point Particles and Relativity - Walter Greiner.pdf:/home/medicendav/Documentos/Biblioteca/Física/Cuantica/Cuantica de Campos/Books - Walter Greiner/Classical Mechanics, Point Particles and Relativity - Walter Greiner.pdf:application/pdf}
}

@book{bromley_classical_2012,
	series = {Classical {Theoretical} {Physics}},
	title = {Classical {Electrodynamics}},
	isbn = {978-1-4612-0587-6},
	url = {https://books.google.com.mx/books?id=acjcBwAAQBAJ},
	publisher = {Springer New York},
	author = {Bromley, D.A. and Greiner, W.},
	year = {2012},
	file = {Classical Electrodynamics - Walter Greiner.pdf:/home/medicendav/Documentos/Biblioteca/Física/Cuantica/Cuantica de Campos/Books - Walter Greiner/Classical Electrodynamics - Walter Greiner.pdf:application/pdf}
}

@book{zwiebach_first_2004,
	series = {A {First} {Course} in {String} {Theory}},
	title = {A {First} {Course} in {String} {Theory}},
	isbn = {978-0-521-83143-7},
	url = {https://books.google.com.mx/books?id=XmsbvP1uUeIC},
	publisher = {Cambridge University Press},
	author = {Zwiebach, B. and Press, Cambridge University},
	year = {2004},
	lccn = {2003068835},
	file = {A First Course in String Theory.pdf:/home/medicendav/Documentos/Biblioteca/Física/Cuantica/Cuantica de Campos/Cuerdas/A First Course in String Theory.pdf:application/pdf}
}

@book{mcmahon_string_2008,
	series = {Demystified},
	title = {String {Theory} {Demystified}},
	isbn = {978-0-07-159620-6},
	url = {https://books.google.com.mx/books?id=S4JyPgw4ZlAC},
	publisher = {McGraw-Hill Education},
	author = {McMahon, D.},
	year = {2008},
	file = {String mcmahon.pdf:/home/medicendav/Documentos/Biblioteca/Física/Cuantica/Cuantica de Campos/Cuerdas/String mcmahon.pdf:application/pdf}
}

@book{peskin_introduction_1995,
	series = {Frontiers in {Physics}},
	title = {An {Introduction} {To} {Quantum} {Field} {Theory}},
	isbn = {978-0-8133-4543-7},
	url = {https://books.google.com.mx/books?id=EVeNNcslvX0C},
	publisher = {Avalon Publishing},
	author = {Peskin, M.E. and Schroeder, D.V.},
	year = {1995},
	file = {An_introduction_to_quantum_field_theory-PeskinSchroeder.pdf:/home/medicendav/Documentos/Biblioteca/Física/Cuantica/Cuantica de Campos/Teoria_Cuantica_de_Campos/An_introduction_to_quantum_field_theory-PeskinSchroeder.pdf:application/pdf}
}

@book{das_lectures_2008,
	address = {Singapore ; Hackensack, NJ},
	title = {Lectures on quantum field theory},
	isbn = {978-981-283-286-3 978-981-283-285-6},
	language = {en},
	publisher = {World Scientific},
	author = {Das, Ashok},
	year = {2008},
	note = {OCLC: ocn251211536},
	keywords = {Quantum field theory, Textbooks},
	file = {Ashok_Das-Lectures_of_Quantum_Field_Theory-World_Scientific_Publishing_Company(2008).pdf:/home/medicendav/Documentos/Biblioteca/Física/Cuantica/Cuantica de Campos/Teoria_Cuantica_de_Campos/Ashok_Das-Lectures_of_Quantum_Field_Theory-World_Scientific_Publishing_Company(2008).pdf:application/pdf}
}

@article{martinez_cuantizacion_nodate,
	title = {Cuantización de los campos de {Dirac} y {Maxwell}},
	language = {es},
	author = {Martínez, Juan Francisco González},
	pages = {60},
	file = {Cuantizacion_para_Dirac_Maxwell.pdf:/home/medicendav/Documentos/Biblioteca/Física/Cuantica/Cuantica de Campos/Teoria_Cuantica_de_Campos/Cuantizacion_para_Dirac_Maxwell.pdf:application/pdf}
}

@article{siegel_fields_2005,
	title = {Fields},
	url = {http://arxiv.org/abs/hep-th/9912205},
	abstract = {The first free comprehensive textbook on quantum (and classical) field theory. The approach is pragmatic, rather than traditional or artistic: It includes practical techniques, such as the 1/N expansion (color ordering) and spacecone (spinor helicity), and diverse topics, such as supersymmetry and general relativity, as well as introductions to supergravity and strings. The PDF version can be more convenient than paper books, with Web links and a clickable outline (contents) window.},
	language = {en},
	urldate = {2020-06-15},
	journal = {arXiv:hep-th/9912205},
	author = {Siegel, W.},
	month = aug,
	year = {2005},
	note = {arXiv: hep-th/9912205},
	keywords = {High Energy Physics - Phenomenology, High Energy Physics - Theory},
	file = {Fields - W. Siegel.pdf:/home/medicendav/Documentos/Biblioteca/Física/Cuantica/Cuantica de Campos/Teoria_Cuantica_de_Campos/Fields - W. Siegel.pdf:application/pdf}
}

@article{van_hees_introduction_nodate,
	title = {Introduction to {Relativistic} {Quantum} {Field} {Theory}},
	language = {en},
	author = {van Hees, Hendrik},
	pages = {288},
	file = {Introduction to Relativistic Quantum Field Theory - H. vanHees.pdf:/home/medicendav/Documentos/Biblioteca/Física/Cuantica/Cuantica de Campos/Teoria_Cuantica_de_Campos/Introduction to Relativistic Quantum Field Theory - H. vanHees.pdf:application/pdf}
}

@article{jae_introduction_nodate,
	title = {Introduction to {Quantum} {Field} {Theory}},
	language = {en},
	author = {Jaﬀe, Arthur},
	pages = {137},
	file = {Intro_QFT.pdf:/home/medicendav/Documentos/Biblioteca/Física/Cuantica/Cuantica de Campos/Teoria_Cuantica_de_Campos/Intro_QFT.pdf:application/pdf}
}

@article{bourjaily_non-abelian_nodate,
	title = {Non-{Abelian} {Gauge} {Invariance} {Notes}},
	language = {en},
	author = {Bourjaily, Jacob and Degenhardt, James and Ong, Matthew},
	pages = {10},
	file = {Normas_no_abelianas.pdf:/home/medicendav/Documentos/Biblioteca/Física/Cuantica/Cuantica de Campos/Teoria_Cuantica_de_Campos/Normas_no_abelianas.pdf:application/pdf}
}

@book{dittrich_probing_2000,
	address = {Berlin ; New York},
	series = {Springer tracts in modern physics},
	title = {Probing the quantum vacuum: pertubative effective action aproach in quantum electrodynamics and its application},
	isbn = {978-3-540-67428-3},
	shorttitle = {Probing the quantum vacuum},
	language = {en},
	number = {v. 166},
	publisher = {Springer},
	author = {Dittrich, Walter and Gies, Holger},
	year = {2000},
	keywords = {Quantum electrodynamics},
	file = {Probing the quantum vacuum.pdf:/home/medicendav/Documentos/Biblioteca/Física/Cuantica/Cuantica de Campos/Teoria_Cuantica_de_Campos/Probing the quantum vacuum.pdf:application/pdf}
}

@article{norbury_quantum_nodate,
	title = {{QUANTUM} {FIELD} {THEORY}},
	language = {en},
	author = {Norbury, Professor John W},
	pages = {107},
	file = {Quantum Field Theory - J. Norbury.pdf:/home/medicendav/Documentos/Biblioteca/Física/Cuantica/Cuantica de Campos/Teoria_Cuantica_de_Campos/Quantum Field Theory - J. Norbury.pdf:application/pdf}
}

@book{mcmahon_quantum_2008,
	address = {New York, N.Y},
	series = {{McGraw}-{Hill} "{Demystified}" series},
	title = {Quantum field theory demystified},
	isbn = {978-0-07-154382-8},
	language = {en},
	publisher = {McGraw-Hill},
	author = {McMahon, David},
	year = {2008},
	note = {OCLC: ocn213810569},
	keywords = {Quantum field theory, Particles (Nuclear physics)},
	file = {Quantum Field Theory Demystified~tqw~_darksiderg.pdf:/home/medicendav/Documentos/Biblioteca/Física/Cuantica/Cuantica de Campos/Teoria_Cuantica_de_Campos/Quantum Field Theory Demystified~tqw~_darksiderg.pdf:application/pdf}
}

@book{zimmermann_quantum_2000,
	address = {Berlin ; New York},
	series = {Lecture notes in physics},
	title = {Quantum field theory: proceedings of the {Ringberg} workshop held at {Tegernsee}, {Germany}, 21-24 {June} 1998, on the occasion of {Wolfhart} {Zimmermann}'s 70th birthday},
	isbn = {978-3-540-67972-1},
	shorttitle = {Quantum field theory},
	language = {en},
	number = {vol. 558},
	publisher = {Springer},
	editor = {Zimmermann, Wolfhart and Breitenlohner, P. and Maison, D.},
	year = {2000},
	keywords = {Quantum field theory, Congresses},
	file = {Quantum Field Theory Proceedings of the RingbergWorkshop - Breitenlohner , Maison.pdf:/home/medicendav/Documentos/Biblioteca/Física/Cuantica/Cuantica de Campos/Teoria_Cuantica_de_Campos/Quantum Field Theory Proceedings of the RingbergWorkshop - Breitenlohner , Maison.pdf:application/pdf}
}

@article{dhoker_quantum_nodate,
	title = {{QUANTUM} {FIELD} {THEORY} – {Part} {I}},
	language = {en},
	author = {D’Hoker, Eric},
	pages = {255},
	file = {quantum_field_theory.pdf:/home/medicendav/Documentos/Biblioteca/Física/Cuantica/Cuantica de Campos/Teoria_Cuantica_de_Campos/quantum_field_theory.pdf:application/pdf}
}

@book{brown_quantum_1992,
	address = {Cambridge [England]; New York, NY, USA},
	title = {Quantum field theory},
	isbn = {978-0-521-40006-0},
	publisher = {Cambridge University Press},
	author = {Brown, Lowell S.},
	year = {1992},
	keywords = {Quantum field theory},
	file = {Brown L.S. Quantum Field Theory (CUP, 1992)(L)(T)(277s).djvu:/home/medicendav/Documentos/Biblioteca/Física/Cuantica/Cuantica de Campos/Teoria_Cuantica_de_Campos/Brown L.S. Quantum Field Theory (CUP, 1992)(L)(T)(277s).djvu:application/octet-stream}
}

@book{francesco_conformal_2012,
	series = {Graduate {Texts} in {Contemporary} {Physics}},
	title = {Conformal {Field} {Theory}},
	isbn = {978-1-4612-2256-9},
	url = {https://books.google.com.mx/books?id=5u7jBwAAQBAJ},
	publisher = {Springer New York},
	author = {Francesco, P. and Mathieu, P. and Senechal, D.},
	year = {2012},
	file = {Conformal Field Theory - P. DiFrancesco, P. Mathieu, D. Senechal.djvu:/home/medicendav/Documentos/Biblioteca/Física/Cuantica/Cuantica de Campos/Teoria_Cuantica_de_Campos/Conformal Field Theory - P. DiFrancesco, P. Mathieu, D. Senechal.djvu:application/octet-stream}
}

@book{aitchison_gauge_2003,
	address = {Bristol ; Philadelphia},
	edition = {3rd ed},
	series = {Graduate student series in physics},
	title = {Gauge theories in particle physics: a practical introduction},
	isbn = {978-0-7503-0864-9 978-0-7503-0950-9},
	shorttitle = {Gauge theories in particle physics},
	publisher = {Institute of Physics Pub},
	author = {Aitchison, Ian Johnston Rhind and Hey, Anthony J. G.},
	year = {2003},
	keywords = {Quantum electrodynamics, Particles (Nuclear physics), Feynman diagrams, Gauge fields (Physics), Weak interactions (Nuclear physics)},
	file = {Gauge theories in particle physics, 3rd. ed.  vol 1From Relativistic Quantum Mechanics to Qed  -_0.djvu:/home/medicendav/Documentos/Biblioteca/Física/Cuantica/Cuantica de Campos/Teoria_Cuantica_de_Campos/Gauge theories in particle physics, 3rd. ed.  vol 1From Relativistic Quantum Mechanics to Qed  -_0.djvu:application/octet-stream}
}

@book{bruus_many-body_2004,
	series = {Oxford {Graduate} {Texts}},
	title = {Many-{Body} {Quantum} {Theory} in {Condensed} {Matter} {Physics}: {An} {Introduction}},
	isbn = {978-0-19-856633-5},
	url = {https://books.google.com.mx/books?id=CktuBAAAQBAJ},
	publisher = {OUP Oxford},
	author = {Bruus, H. and Flensberg, K. and Press, Oxford University},
	year = {2004},
	lccn = {2005272846},
	file = {Introduction To Quantum Field Theory In Condensed Matter Physics - Flensberg,Bruus.pdf:/home/medicendav/Documentos/Biblioteca/Física/Cuantica/Cuantica de Campos/Teoria_Cuantica_de_Campos/Introduction To Quantum Field Theory In Condensed Matter Physics - Flensberg,Bruus.pdf:application/pdf}
}

@book{ryder_quantum_1996,
	address = {Cambridge ; New York},
	edition = {2nd ed},
	title = {Quantum field theory},
	isbn = {978-0-521-47242-5 978-0-521-47814-4},
	publisher = {Cambridge University Press},
	author = {Ryder, Lewis H.},
	year = {1996},
	keywords = {Particles (Nuclear physics), Quantum field theory},
	file = {Lewis H.Ryder - Quantum Field Theory (2nd Edition).djvu:/home/medicendav/Documentos/Biblioteca/Física/Cuantica/Cuantica de Campos/Teoria_Cuantica_de_Campos/Lewis H.Ryder - Quantum Field Theory (2nd Edition).djvu:application/octet-stream}
}

@book{srednicki_quantum_2007,
	address = {Cambridge ; New York},
	title = {Quantum field theory},
	isbn = {978-0-521-86449-7},
	publisher = {Cambridge University Press},
	author = {Srednicki, Mark Allen},
	year = {2007},
	note = {OCLC: ocm71808151},
	keywords = {Problems, exercises, etc, Quantum field theory},
	file = {Mark Srednicki - Quantum Field Theory.pdf:/home/medicendav/Documentos/Biblioteca/Física/Cuantica/Cuantica de Campos/Teoria_Cuantica_de_Campos/Mark Srednicki - Quantum Field Theory.pdf:application/pdf}
}

@book{brown_quantum_1996,
	address = {Cambridge},
	edition = {Reprinted},
	title = {Quantum field theory},
	isbn = {978-0-521-46946-3 978-0-521-40006-0},
	language = {eng},
	publisher = {Cambridge Univ., Press},
	author = {Brown, Lowell S.},
	year = {1996},
	note = {OCLC: 174396052},
	file = {Quantum Field Theory - L. Brown.djvu:/home/medicendav/Documentos/Biblioteca/Física/Cuantica/Cuantica de Campos/Teoria_Cuantica_de_Campos/Quantum Field Theory - L. Brown.djvu:application/octet-stream}
}

@book{weinberg_quantum_2010,
	address = {Cambridge},
	edition = {4. print},
	title = {The quantum theory of fields. {Vol}. 1: {Foundations}},
	isbn = {978-0-521-67053-1},
	shorttitle = {The quantum theory of fields. {Vol}. 1},
	language = {eng},
	publisher = {Cambridge Univ. Press},
	author = {Weinberg, Steven},
	year = {2010},
	note = {OCLC: 838056073},
	file = {The Quantum Theory Of Fields Vol 1 Foundations - S. Weinberg.djvu:/home/medicendav/Documentos/Biblioteca/Física/Cuantica/Cuantica de Campos/Teoria_Cuantica_de_Campos/The Quantum Theory Of Fields Vol 1 Foundations - S. Weinberg.djvu:application/octet-stream}
}
